<?xml version="1.0" encoding="UTF-8" ?><marc:collection xmlns:marc="http://www.loc.gov/MARC21/slim" xmlns:xsi="http://www.w3.org/2001/XMLSchema-instance" xsi:schemaLocation="http://www.loc.gov/MARC21/slim http://www.loc.gov/standards/marcxml/schema/MARC21slim.xsd">
<marc:record><marc:leader>02678cam a2200409La 4500</marc:leader>
<marc:controlfield tag="001">b14508047</marc:controlfield>
<marc:controlfield tag="003">UaCaAUL</marc:controlfield><marc:controlfield tag="005">20080525115633.0</marc:controlfield><marc:controlfield tag="008">890406s1930    su       b    001 0 arard</marc:controlfield><marc:datafield tag="035" ind1=" " ind2=" "><marc:subfield code="a">(OCoLC)80964016</marc:subfield></marc:datafield><marc:datafield tag="040" ind1=" " ind2=" "><marc:subfield code="a">MH</marc:subfield><marc:subfield code="b">eng</marc:subfield><marc:subfield code="e">rda</marc:subfield><marc:subfield code="c">HLS</marc:subfield><marc:subfield code="d">MEAUC</marc:subfield></marc:datafield><marc:datafield tag="049" ind1=" " ind2=" "><marc:subfield code="a">MAIN</marc:subfield></marc:datafield><marc:datafield tag="050" ind1=" " ind2="4"><marc:subfield code="a">BP195.J3</marc:subfield><marc:subfield code="b">I13 1930</marc:subfield></marc:datafield><marc:datafield tag="066" ind1=" " ind2=" "><marc:subfield code="c">(3</marc:subfield></marc:datafield><marc:datafield tag="090" ind1=" " ind2=" "><marc:subfield code="a">BP195.J3</marc:subfield><marc:subfield code="b">I24 1930</marc:subfield></marc:datafield><marc:datafield tag="100" ind1="1" ind2=" "><marc:subfield code="6">880-01</marc:subfield><marc:subfield code="a">Ibn Ḥanbal, ʻAbd Allāh ibn Aḥmad,</marc:subfield><marc:subfield code="d">828-903,</marc:subfield><marc:subfield code="e">author.</marc:subfield></marc:datafield><marc:datafield tag="240" ind1="1" ind2="0"><marc:subfield code="6">880-02</marc:subfield><marc:subfield code="a">Sunnah.</marc:subfield></marc:datafield><marc:datafield tag="245" ind1="1" ind2="0"><marc:subfield code="6">880-03</marc:subfield><marc:subfield code="a">Kitāb al-Sunnah /</marc:subfield><marc:subfield code="c">lil-Imām Ahṃad ibn Hạnbal raḥimahu Allāh taʻālá raḥmatan wāsiʻah āmīn ; ʻuniya bi-tasḥịh̄ịhi wa-al-ishrāf ʻalá tạbʻihi lajnah min al-mashāyikh wa-al-ʻulamāʼ tahṭa riʼāsat al-ʻallāmah al-muḥaqqiq fadịl̄at al-shaykh ʻAbd Allāh ibn Hạsan ibn Hụsayn Āl al-Shaykh.</marc:subfield></marc:datafield><marc:datafield tag="264" ind1=" " ind2="1"><marc:subfield code="6">880-04</marc:subfield><marc:subfield code="a">Makkah al-Mukarramah :</marc:subfield><marc:subfield code="b">al-Matḅaʻah al-Salafīyah wa-Maktabatuhā,</marc:subfield><marc:subfield code="c">1349 [1930]</marc:subfield></marc:datafield><marc:datafield tag="300" ind1=" " ind2=" "><marc:subfield code="a">2 volumes in 1 (256 pages) ;</marc:subfield><marc:subfield code="c">24 cm.</marc:subfield></marc:datafield><marc:datafield tag="336" ind1=" " ind2=" "><marc:subfield code="a">text</marc:subfield><marc:subfield code="b">txt</marc:subfield><marc:subfield code="2">rdacontent.</marc:subfield></marc:datafield><marc:datafield tag="337" ind1=" " ind2=" "><marc:subfield code="a">unmediated</marc:subfield><marc:subfield code="b">n</marc:subfield><marc:subfield code="2">rdamedia.</marc:subfield></marc:datafield><marc:datafield tag="338" ind1=" " ind2=" "><marc:subfield code="a">volume</marc:subfield><marc:subfield code="b">nc</marc:subfield><marc:subfield code="2">rdacarrier.</marc:subfield></marc:datafield><marc:datafield tag="500" ind1=" " ind2=" "><marc:subfield code="6">880-05</marc:subfield><marc:subfield code="a">Amara bi-tạbʻihi ʻalá nafaqatihi wa-jaʻalahu waqfan lillāh taʻālá jalālat al-Malik ʻAbd al-ʻAzīz Āl Saʻūd, malik al-Ḥijāz wa-Najd wa-mulḥaqātihā adām Allāh naṣrahu wa-taʼyīdahu.</marc:subfield></marc:datafield><marc:datafield tag="650" ind1=" " ind2="0"><marc:subfield code="a">Jahmīyah</marc:subfield><marc:subfield code="v">Controversial literature</marc:subfield><marc:subfield code="v">Early works to 1800.</marc:subfield></marc:datafield><marc:datafield tag="650" ind1=" " ind2="0"><marc:subfield code="a">Islam</marc:subfield><marc:subfield code="x">Doctrines</marc:subfield><marc:subfield code="v">Early works to 1800.</marc:subfield></marc:datafield><marc:datafield tag="700" ind1="1" ind2=" "><marc:subfield code="6">880-06</marc:subfield><marc:subfield code="a">Āl al-Shaykh, ʻAbd Allāh ibn Hạsan ibn Hụsayn.</marc:subfield></marc:datafield><marc:datafield tag="880" ind1="1" ind2=" "><marc:subfield code="6">100-01/(3/r</marc:subfield><marc:subfield code="a">ابن حنبل: عبد الله بن أحمد:‪</marc:subfield><marc:subfield code="d">828-903.</marc:subfield></marc:datafield><marc:datafield tag="880" ind1="1" ind2="0"><marc:subfield code="6">240-02/(3/r</marc:subfield><marc:subfield code="a">سنة..‪</marc:subfield></marc:datafield><marc:datafield tag="880" ind1="1" ind2="0"><marc:subfield code="6">245-03/(3/r</marc:subfield><marc:subfield code="a">كتاب السنة /‪</marc:subfield><marc:subfield code="c">للإمام أحمد بن حنبل رحمه الله تعالى رحمة واسعة آمين ؛ عني بتصحيحه والإشراف على طبعه لجنة من المشايخ والعلماء تحت رئاسة العلامة المحقق فضيلة الشيخ عبد الله بن حسن بن حسين آل الشيخ.‪</marc:subfield></marc:datafield><marc:datafield tag="880" ind1=" " ind2=" "><marc:subfield code="6">260-04/(3/r</marc:subfield><marc:subfield code="a">مكة المكرمة :‪</marc:subfield><marc:subfield code="b">المطبعة السلفية ومكتبتها:‪</marc:subfield><marc:subfield code="c">1349 [1930]</marc:subfield></marc:datafield><marc:datafield tag="880" ind1=" " ind2=" "><marc:subfield code="6">500-05/(3/r</marc:subfield><marc:subfield code="a">أمر بطبعه على نفقته وجعله وقفا لله تعالى جلالة الملك عبد العزيز آل سعود: ملك الحجاز ونجد وملحقاتها أدام الله نصره وتأييده..‪</marc:subfield></marc:datafield><marc:datafield tag="880" ind1="1" ind2=" "><marc:subfield code="6">700-06/(3/r</marc:subfield><marc:subfield code="a">آل الشيخ: عبد الله بن حسن بن حسين...‪</marc:subfield></marc:datafield><marc:datafield tag="907" ind1=" " ind2=" "><marc:subfield code="a">.b14508047</marc:subfield><marc:subfield code="b">main </marc:subfield></marc:datafield><marc:datafield tag="902" ind1=" " ind2=" "><marc:subfield code="a">180418</marc:subfield></marc:datafield><marc:datafield tag="998" ind1=" " ind2=" "><marc:subfield code="b">1</marc:subfield><marc:subfield code="c">080525</marc:subfield><marc:subfield code="d">m</marc:subfield><marc:subfield code="e">a</marc:subfield><marc:subfield code="f">-</marc:subfield><marc:subfield code="g">0</marc:subfield><marc:subfield code="k">AH, TA</marc:subfield></marc:datafield><marc:datafield tag="945" ind1=" " ind2=" "><marc:subfield code="l">main </marc:subfield><marc:subfield code="u">v.v.1-2</marc:subfield></marc:datafield></marc:record>
</marc:collection>
